@article{DBLP:journals/jss/CabotT09,
	author    = {Jordi Cabot and
	Ernest Teniente},
	title     = {Incremental integrity checking of {UML/OCL} conceptual schemas},
	journal   = {Journal of Systems and Software},
	volume    = {82},
	number    = {9},
	pages     = {1459--1478},
	year      = {2009},
	url       = {http://dx.doi.org/10.1016/j.jss.2009.03.009},
	doi       = {10.1016/j.jss.2009.03.009},
	timestamp = {Mon, 28 Sep 2009 14:56:28 +0200},
	biburl    = {http://dblp.uni-trier.de/rec/bib/journals/jss/CabotT09},
	bibsource = {dblp computer science bibliography, http://dblp.org}
}

@inproceedings{DBLP:conf/kbse/CsertanHMPPV02,
	author    = {Gy{\"{o}}rgy Csert{\'{a}}n and
	G{\'{a}}bor Huszerl and
	Istv{\'{a}}n Majzik and
	Zsigmond Pap and
	Andr{\'{a}}s Pataricza and
	D{\'{a}}niel Varr{\'{o}}},
	title     = {{VIATRA} - Visual Automated Transformations for Formal Verification
	and Validation of {UML} Models},
	booktitle = {17th {IEEE} International Conference on Automated Software Engineering
	{(ASE} 2002), 23-27 September 2002, Edinburgh, Scotland, {UK}},
	pages     = {267--270},
	year      = {2002},
	crossref  = {DBLP:conf/kbse/2002},
	url       = {http://dx.doi.org/10.1109/ASE.2002.1115027},
	doi       = {10.1109/ASE.2002.1115027},
	timestamp = {Fri, 14 Aug 2015 14:46:09 +0200},
	biburl    = {http://dblp.uni-trier.de/rec/bib/conf/kbse/CsertanHMPPV02},
	bibsource = {dblp computer science bibliography, http://dblp.org}
}
@proceedings{DBLP:conf/kbse/2002,
	title     = {17th {IEEE} International Conference on Automated Software Engineering
	{(ASE} 2002), 23-27 September 2002, Edinburgh, Scotland, {UK}},
	publisher = {{IEEE} Computer Society},
	year      = {2002},
	url       = {http://ieeexplore.ieee.org/xpl/mostRecentIssue.jsp?punumber=8183},
	isbn      = {0-7695-1736-6},
	timestamp = {Thu, 13 Aug 2015 18:46:50 +0200},
	biburl    = {http://dblp.uni-trier.de/rec/bib/conf/kbse/2002},
	bibsource = {dblp computer science bibliography, http://dblp.org}
}

@article{DBLP:journals/scp/HutchinsonWR14,
	author    = {John Hutchinson and
	Jon Whittle and
	Mark Rouncefield},
	title     = {Model-driven engineering practices in industry: Social, organizational
	and managerial factors that lead to success or failure},
	journal   = {Sci. Comput. Program.},
	volume    = {89},
	pages     = {144--161},
	year      = {2014},
	url       = {http://dx.doi.org/10.1016/j.scico.2013.03.017},
	doi       = {10.1016/j.scico.2013.03.017},
	timestamp = {Thu, 07 Aug 2014 11:13:55 +0200},
	biburl    = {http://dblp.uni-trier.de/rec/bib/journals/scp/HutchinsonWR14},
	bibsource = {dblp computer science bibliography, http://dblp.org}
}

@inproceedings{DBLP:conf/staf/EickhoffGLZ14,
	author    = {Christoph Eickhoff and
	Tobias George and
	Stefan Lindel and
	Albert Z{\"{u}}ndorf},
	title     = {The SDMLib Solution to the {FIXML} Case for {TTC2014}},
	booktitle = {Proceedings of the 7th Transformation Tool Contest part of the Software
	Technologies: Applications and Foundations {(STAF} 2014) federation
	of conferences, York, United Kingdom, July 25, 2014.},
	pages     = {22--26},
	year      = {2014},
	crossref  = {DBLP:conf/staf/2014tcc},
	url       = {http://ceur-ws.org/Vol-1305/paper5.pdf},
	timestamp = {Fri, 11 Dec 2015 15:20:07 +0100},
	biburl    = {http://dblp.uni-trier.de/rec/bib/conf/staf/EickhoffGLZ14},
	bibsource = {dblp computer science bibliography, http://dblp.org}
}
@proceedings{DBLP:conf/staf/2014tcc,
	editor    = {Louis M. Rose and
	Christian Krause and
	Tassilo Horn},
	title     = {Proceedings of the 7th Transformation Tool Contest part of the Software
	Technologies: Applications and Foundations {(STAF} 2014) federation
	of conferences, York, United Kingdom, July 25, 2014},
	series    = {{CEUR} Workshop Proceedings},
	volume    = {1305},
	publisher = {CEUR-WS.org},
	year      = {2014},
	url       = {http://ceur-ws.org/Vol-1305},
	timestamp = {Fri, 11 Dec 2015 15:18:02 +0100},
	biburl    = {http://dblp.uni-trier.de/rec/bib/conf/staf/2014tcc},
	bibsource = {dblp computer science bibliography, http://dblp.org}
}

@article{DBLP:journals/eceasst/GieseHS09,
	author    = {Holger Giese and
	Stephan Hildebrandt and
	Andreas Seibel},
	title     = {Improved Flexibility and Scalability by Interpreting Story Diagrams},
	journal   = {{ECEASST}},
	volume    = {18},
	year      = {2009},
	url       = {http://eceasst.cs.tu-berlin.de/index.php/eceasst/article/view/268},
	timestamp = {Mon, 07 Jun 2010 13:40:46 +0200},
	biburl    = {http://dblp.uni-trier.de/rec/bib/journals/eceasst/GieseHS09},
	bibsource = {dblp computer science bibliography, http://dblp.org}
}

@inproceedings{DBLP:conf/icmt/Horn13,
	author    = {Tassilo Horn},
	title     = {Model Querying with FunnyQT - (Extended Abstract)},
	booktitle = {Theory and Practice of Model Transformations - 6th International Conference,
	{ICMT} 2013, Budapest, Hungary, June 18-19, 2013. Proceedings},
	pages     = {56--57},
	year      = {2013},
	crossref  = {DBLP:conf/icmt/2013},
	url       = {http://dx.doi.org/10.1007/978-3-642-38883-5_7},
	doi       = {10.1007/978-3-642-38883-5_7},
	timestamp = {Sat, 15 Jun 2013 18:45:52 +0200},
	biburl    = {http://dblp.uni-trier.de/rec/bib/conf/icmt/Horn13},
	bibsource = {dblp computer science bibliography, http://dblp.org}
}
@proceedings{DBLP:conf/icmt/2013,
	editor    = {Keith Duddy and
	Gerti Kappel},
	title     = {Theory and Practice of Model Transformations - 6th International Conference,
	{ICMT} 2013, Budapest, Hungary, June 18-19, 2013. Proceedings},
	series    = {Lecture Notes in Computer Science},
	volume    = {7909},
	publisher = {Springer},
	year      = {2013},
	url       = {http://dx.doi.org/10.1007/978-3-642-38883-5},
	doi       = {10.1007/978-3-642-38883-5},
	isbn      = {978-3-642-38882-8},
	timestamp = {Sat, 15 Jun 2013 18:38:53 +0200},
	biburl    = {http://dblp.uni-trier.de/rec/bib/conf/icmt/2013},
	bibsource = {dblp computer science bibliography, http://dblp.org}
}

@inproceedings{DBLP:conf/gg/Horn15,
	author    = {Tassilo Horn},
	title     = {Graph Pattern Matching as an Embedded Clojure {DSL}},
	booktitle = {Graph Transformation - 8th International Conference, {ICGT} 2015,
	Held as Part of {STAF} 2015, L'Aquila, Italy, July 21-23, 2015. Proceedings},
	pages     = {189--204},
	year      = {2015},
	crossref  = {DBLP:conf/gg/2015},
	url       = {http://dx.doi.org/10.1007/978-3-319-21145-9_12},
	doi       = {10.1007/978-3-319-21145-9_12},
	timestamp = {Thu, 30 Jul 2015 12:17:44 +0200},
	biburl    = {http://dblp.uni-trier.de/rec/bib/conf/gg/Horn15},
	bibsource = {dblp computer science bibliography, http://dblp.org}
}
@proceedings{DBLP:conf/gg/2015,
	editor    = {Francesco Parisi{-}Presicce and
	Bernhard Westfechtel},
	title     = {Graph Transformation - 8th International Conference, {ICGT} 2015,
	Held as Part of {STAF} 2015, L'Aquila, Italy, July 21-23, 2015. Proceedings},
	series    = {Lecture Notes in Computer Science},
	volume    = {9151},
	publisher = {Springer},
	year      = {2015},
	url       = {http://dx.doi.org/10.1007/978-3-319-21145-9},
	doi       = {10.1007/978-3-319-21145-9},
	isbn      = {978-3-319-21144-2},
	timestamp = {Thu, 30 Jul 2015 12:13:40 +0200},
	biburl    = {http://dblp.uni-trier.de/rec/bib/conf/gg/2015},
	bibsource = {dblp computer science bibliography, http://dblp.org}
}

@inproceedings{DBLP:conf/agtive/BatzKG07,
	author    = {Gernot Veit Batz and
	Moritz Kroll and
	Rubino Gei{\ss}},
	title     = {A First Experimental Evaluation of Search Plan Driven Graph Pattern
	Matching},
	booktitle = {Applications of Graph Transformations with Industrial Relevance, Third
	International Symposium, {AGTIVE} 2007, Kassel, Germany, October 10-12,
	2007, Revised Selected and Invited Papers},
	pages     = {471--486},
	year      = {2007},
	crossref  = {DBLP:conf/agtive/2007},
	url       = {http://dx.doi.org/10.1007/978-3-540-89020-1_32},
	doi       = {10.1007/978-3-540-89020-1_32},
	timestamp = {Thu, 23 Oct 2008 10:58:14 +0200},
	biburl    = {http://dblp.uni-trier.de/rec/bib/conf/agtive/BatzKG07},
	bibsource = {dblp computer science bibliography, http://dblp.org}
}
@proceedings{DBLP:conf/agtive/2007,
	editor    = {Andy Sch{\"{u}}rr and
	Manfred Nagl and
	Albert Z{\"{u}}ndorf},
	title     = {Applications of Graph Transformations with Industrial Relevance, Third
	International Symposium, {AGTIVE} 2007, Kassel, Germany, October 10-12,
	2007, Revised Selected and Invited Papers},
	series    = {Lecture Notes in Computer Science},
	volume    = {5088},
	publisher = {Springer},
	year      = {2008},
	isbn      = {978-3-540-89019-5},
	timestamp = {Thu, 23 Oct 2008 10:50:30 +0200},
	biburl    = {http://dblp.uni-trier.de/rec/bib/conf/agtive/2007},
	bibsource = {dblp computer science bibliography, http://dblp.org}
}

@inproceedings{DBLP:conf/models/TisiPC13,
	author    = {Massimo Tisi and
	Salvador Mart{\'{\i}}nez Perez and
	Hassene Choura},
	title     = {Parallel Execution of {ATL} Transformation Rules},
	booktitle = {Model-Driven Engineering Languages and Systems - 16th International
	Conference, {MODELS} 2013, Miami, FL, USA, September 29 - October
	4, 2013. Proceedings},
	pages     = {656--672},
	year      = {2013},
	crossref  = {DBLP:conf/models/2013},
	url       = {http://dx.doi.org/10.1007/978-3-642-41533-3_40},
	doi       = {10.1007/978-3-642-41533-3_40},
	timestamp = {Sun, 22 Sep 2013 21:27:29 +0200},
	biburl    = {http://dblp.uni-trier.de/rec/bib/conf/models/TisiPC13},
	bibsource = {dblp computer science bibliography, http://dblp.org}
}
@proceedings{DBLP:conf/models/2013,
	editor    = {Ana Moreira and
	Bernhard Sch{\"{a}}tz and
	Jeff Gray and
	Antonio Vallecillo and
	Peter J. Clarke},
	title     = {Model-Driven Engineering Languages and Systems - 16th International
	Conference, {MODELS} 2013, Miami, FL, USA, September 29 - October
	4, 2013. Proceedings},
	series    = {Lecture Notes in Computer Science},
	volume    = {8107},
	publisher = {Springer},
	year      = {2013},
	url       = {http://dx.doi.org/10.1007/978-3-642-41533-3},
	doi       = {10.1007/978-3-642-41533-3},
	isbn      = {978-3-642-41532-6},
	timestamp = {Sun, 22 Sep 2013 21:27:29 +0200},
	biburl    = {http://dblp.uni-trier.de/rec/bib/conf/models/2013},
	bibsource = {dblp computer science bibliography, http://dblp.org}
}

@inproceedings{DBLP:conf/uml/JouaultK05,
	author    = {Fr{\'{e}}d{\'{e}}ric Jouault and
	Ivan Kurtev},
	title     = {Transforming Models with {ATL}},
	booktitle = {Satellite Events at the MoDELS 2005 Conference, MoDELS 2005 International
	Workshops, Doctoral Symposium, Educators Symposium, Montego Bay, Jamaica,
	October 2-7, 2005, Revised Selected Papers},
	pages     = {128--138},
	year      = {2005},
	crossref  = {DBLP:conf/uml/2005se},
	url       = {http://dx.doi.org/10.1007/11663430_14},
	doi       = {10.1007/11663430_14},
	timestamp = {Thu, 02 Feb 2006 13:10:46 +0100},
	biburl    = {http://dblp.uni-trier.de/rec/bib/conf/uml/JouaultK05},
	bibsource = {dblp computer science bibliography, http://dblp.org}
}
@proceedings{DBLP:conf/uml/2005se,
	editor    = {Jean{-}Michel Bruel},
	title     = {Satellite Events at the MoDELS 2005 Conference, MoDELS 2005 International
	Workshops, Doctoral Symposium, Educators Symposium, Montego Bay, Jamaica,
	October 2-7, 2005, Revised Selected Papers},
	series    = {Lecture Notes in Computer Science},
	volume    = {3844},
	publisher = {Springer},
	year      = {2006},
	isbn      = {3-540-31780-5},
	timestamp = {Thu, 02 Feb 2006 13:08:39 +0100},
	biburl    = {http://dblp.uni-trier.de/rec/bib/conf/uml/2005se},
	bibsource = {dblp computer science bibliography, http://dblp.org}
}

@inproceedings{DBLP:conf/icse/NickelNZ00,
	author    = {Ulrich Nickel and
	J{\"{o}}rg Niere and
	Albert Z{\"{u}}ndorf},
	title     = {The {FUJABA} environment},
	booktitle = {Proceedings of the 22nd International Conference on on Software Engineering,
	{ICSE} 2000, Limerick Ireland, June 4-11, 2000.},
	pages     = {742--745},
	year      = {2000},
	crossref  = {DBLP:conf/icse/2000},
	url       = {http://doi.acm.org/10.1145/337180.337620},
	doi       = {10.1145/337180.337620},
	timestamp = {Mon, 14 May 2012 18:17:25 +0200},
	biburl    = {http://dblp.uni-trier.de/rec/bib/conf/icse/NickelNZ00},
	bibsource = {dblp computer science bibliography, http://dblp.org}
}
@proceedings{DBLP:conf/icse/2000,
	editor    = {Carlo Ghezzi and
	Mehdi Jazayeri and
	Alexander L. Wolf},
	title     = {Proceedings of the 22nd International Conference on on Software Engineering,
	{ICSE} 2000, Limerick Ireland, June 4-11, 2000},
	publisher = {{ACM}},
	year      = {2000},
	url       = {http://dl.acm.org/citation.cfm?id=336512},
	isbn      = {1-58113-206-9},
	timestamp = {Mon, 14 May 2012 18:17:17 +0200},
	biburl    = {http://dblp.uni-trier.de/rec/bib/conf/icse/2000},
	bibsource = {dblp computer science bibliography, http://dblp.org}
}


@inproceedings{DBLP:conf/ecmdafa/RathHV12,
	author    = {Istv{\'{a}}n R{\'{a}}th and
	{\'{A}}bel Heged{\"{u}}s and
	D{\'{a}}niel Varr{\'{o}}},
	title     = {Derived Features for {EMF} by Integrating Advanced Model Queries},
	booktitle = {Modelling Foundations and Applications - 8th European Conference,
	{ECMFA} 2012, Kgs. Lyngby, Denmark, July 2-5, 2012. Proceedings},
	pages     = {102--117},
	year      = {2012},
	crossref  = {DBLP:conf/ecmdafa/2012},
	url       = {http://dx.doi.org/10.1007/978-3-642-31491-9_10},
	doi       = {10.1007/978-3-642-31491-9_10},
	timestamp = {Tue, 03 Jul 2012 11:23:07 +0200},
	biburl    = {http://dblp.uni-trier.de/rec/bib/conf/ecmdafa/RathHV12},
	bibsource = {dblp computer science bibliography, http://dblp.org}
}
@proceedings{DBLP:conf/ecmdafa/2012,
	editor    = {Antonio Vallecillo and
	Juha{-}Pekka Tolvanen and
	Ekkart Kindler and
	Harald St{\"{o}}rrle and
	Dimitrios S. Kolovos},
	title     = {Modelling Foundations and Applications - 8th European Conference,
	{ECMFA} 2012, Kgs. Lyngby, Denmark, July 2-5, 2012. Proceedings},
	series    = {Lecture Notes in Computer Science},
	volume    = {7349},
	publisher = {Springer},
	year      = {2012},
	url       = {http://dx.doi.org/10.1007/978-3-642-31491-9},
	doi       = {10.1007/978-3-642-31491-9},
	isbn      = {978-3-642-31490-2},
	timestamp = {Tue, 03 Jul 2012 11:23:07 +0200},
	biburl    = {http://dblp.uni-trier.de/rec/bib/conf/ecmdafa/2012},
	bibsource = {dblp computer science bibliography, http://dblp.org}
}

@inproceedings{DBLP:conf/gg/BurUHV15,
	author    = {M{\'{a}}rton B{\'{u}}r and
	Zolt{\'{a}}n Ujhelyi and
	{\'{A}}kos Horv{\'{a}}th and
	D{\'{a}}niel Varr{\'{o}}},
	title     = {Local Search-Based Pattern Matching Features in {EMF}-{I}nc{Q}uery},
	booktitle = {Graph Transformation - 8th International Conference, {ICGT} 2015,
	Held as Part of {STAF} 2015, L'Aquila, Italy, July 21-23, 2015. Proceedings},
	pages     = {275--282},
	year      = {2015},
	crossref  = {DBLP:conf/gg/2015},
	url       = {http://dx.doi.org/10.1007/978-3-319-21145-9_18},
	doi       = {10.1007/978-3-319-21145-9_18},
	timestamp = {Thu, 30 Jul 2015 12:17:44 +0200},
	biburl    = {http://dblp.uni-trier.de/rec/bib/conf/gg/BurUHV15},
	bibsource = {dblp computer science bibliography, http://dblp.org}
}

@article{DBLP:journals/sosym/VarroDWS15,
	author    = {Gergely Varr{\'{o}} and
	Frederik Deckwerth and
	Martin Wieber and
	Andy Sch{\"{u}}rr},
	title     = {An algorithm for generating model-sensitive search plans for pattern
	matching on {EMF} models},
	journal   = {Software and System Modeling},
	volume    = {14},
	number    = {2},
	pages     = {597--621},
	year      = {2015},
	url       = {http://dx.doi.org/10.1007/s10270-013-0372-2},
	doi       = {10.1007/s10270-013-0372-2},
	timestamp = {Tue, 05 May 2015 12:58:22 +0200},
	biburl    = {http://dblp.uni-trier.de/rec/bib/journals/sosym/VarroDWS15},
	bibsource = {dblp computer science bibliography, http://dblp.org}
}

@inproceedings{DBLP:conf/icmt/BergmannURV11,
	author    = {G{\'{a}}bor Bergmann and
	Zolt{\'{a}}n Ujhelyi and
	Istv{\'{a}}n R{\'{a}}th and
	D{\'{a}}niel Varr{\'{o}}},
	title     = {A Graph Query Language for {EMF} Models},
	booktitle = {Theory and Practice of Model Transformations - 4th International Conference,
	{ICMT} 2011, Zurich, Switzerland, June 27-28, 2011. Proceedings},
	pages     = {167--182},
	year      = {2011},
	crossref  = {DBLP:conf/icmt/2011},
	url       = {http://dx.doi.org/10.1007/978-3-642-21732-6_12},
	doi       = {10.1007/978-3-642-21732-6_12},
	timestamp = {Tue, 05 Jul 2011 14:39:38 +0200},
	biburl    = {http://dblp.uni-trier.de/rec/bib/conf/icmt/BergmannURV11},
	bibsource = {dblp computer science bibliography, http://dblp.org}
}

@proceedings{DBLP:conf/icmt/2011,
	editor    = {Jordi Cabot and
	Eelco Visser},
	title     = {Theory and Practice of Model Transformations - 4th International Conference,
	{ICMT} 2011, Zurich, Switzerland, June 27-28, 2011. Proceedings},
	series    = {Lecture Notes in Computer Science},
	volume    = {6707},
	publisher = {Springer},
	year      = {2011},
	url       = {http://dx.doi.org/10.1007/978-3-642-21732-6},
	doi       = {10.1007/978-3-642-21732-6},
	isbn      = {978-3-642-21731-9},
	timestamp = {Tue, 05 Jul 2011 14:28:34 +0200},
	biburl    = {http://dblp.uni-trier.de/rec/bib/conf/icmt/2011},
	bibsource = {dblp computer science bibliography, http://dblp.org}
}

@article{DBLP:journals/scp/UjhelyiBHHIRSV15,
  author    = {Zolt{\'{a}}n Ujhelyi and
               G{\'{a}}bor Bergmann and
               {\'{A}}bel Heged{\"{u}}s and
               {\'{A}}kos Horv{\'{a}}th and
               Benedek Izs{\'{o}} and
               Istv{\'{a}}n R{\'{a}}th and
               Zolt{\'{a}}n Szatm{\'{a}}ri and
               D{\'{a}}niel Varr{\'{o}}},
  title = {{EMF}-{I}nc{Q}uery: {A}n Integrated Development Environment for Live Model Queries},
  journal   = {Sci. Comput. Program.},
  volume    = {98},
  pages     = {80--99},
  year      = {2015},
  url       = {http://dx.doi.org/10.1016/j.scico.2014.01.004},
  doi       = {10.1016/j.scico.2014.01.004},
  timestamp = {Tue, 06 Jan 2015 19:47:50 +0100},
  biburl    = {http://dblp.uni-trier.de/rec/bib/journals/scp/UjhelyiBHHIRSV15},
  bibsource = {dblp computer science bibliography, http://dblp.org}
}

@article{DBLP:journals/infsof/UjhelyiSHCVVF15,
	author    = {Zolt{\'{a}}n Ujhelyi and
	G{\'{a}}bor Sz\H{o}ke and
	{\'{A}}kos Horv{\'{a}}th and
	Norbert Istv{\'{a}}n Csisz{\'{a}}r and
	L{\'{a}}szl{\'{o}} Vid{\'{a}}cs and
	D{\'{a}}niel Varr{\'{o}} and
	Rudolf Ferenc},
	title     = {Performance comparison of query-based techniques for anti-pattern
	detection},
	journal   = {Information {\&} Software Technology},
	volume    = {65},
	pages     = {147--165},
	year      = {2015},
	url       = {http://dx.doi.org/10.1016/j.infsof.2015.01.003},
	doi       = {10.1016/j.infsof.2015.01.003},
	timestamp = {Mon, 22 Jun 2015 08:49:00 +0200},
	biburl    = {http://dblp.uni-trier.de/rec/bib/journals/infsof/UjhelyiSHCVVF15},
	bibsource = {dblp computer science bibliography, http://dblp.org}
}

@article{DBLP:journals/software/AtkinsonK03a,
	author    = {Colin Atkinson and
	Thomas K{\"{u}}hne},
	title     = {Model-Driven Development: {A} Metamodeling Foundation},
	journal   = {{IEEE} Software},
	volume    = {20},
	number    = {5},
	pages     = {36--41},
	year      = {2003},
	url       = {http://doi.ieeecomputersociety.org/10.1109/MS.2003.1231149},
	doi       = {10.1109/MS.2003.1231149},
	timestamp = {Wed, 26 Oct 2011 12:01:26 +0200},
	biburl    = {http://dblp.uni-trier.de/rec/bib/journals/software/AtkinsonK03a},
	bibsource = {dblp computer science bibliography, http://dblp.org}
}

@inproceedings{DBLP:conf/isca/GuptaFNW86,
	author    = {Anoop Gupta and
	Charles Forgy and
	Allen Newell and
	Robert G. Wedig},
	title     = {Parallel Algorithms and Architectures for Rule-Based Systems},
	booktitle = {Proceedings of the 13th Annual Symposium on Computer Architecture,
	Tokyo, Japan, June 1986},
	pages     = {28--37},
	year      = {1986},
	crossref  = {DBLP:conf/isca/1986},
	url       = {http://doi.acm.org/10.1145/17407.17360},
	doi       = {10.1145/17407.17360},
	timestamp = {Wed, 16 May 2012 14:07:40 +0200},
	biburl    = {http://dblp.uni-trier.de/rec/bib/conf/isca/GuptaFNW86},
	bibsource = {dblp computer science bibliography, http://dblp.org}
}

@proceedings{DBLP:conf/isca/1986,
	editor    = {Hideo Aiso},
	title     = {Proceedings of the 13th Annual Symposium on Computer Architecture,
	Tokyo, Japan, June 1986},
	publisher = {{IEEE} Computer Society},
	year      = {1986},
	url       = {http://dl.acm.org/citation.cfm?id=17407},
	isbn      = {0-8186-0719-X},
	timestamp = {Tue, 15 May 2012 18:19:30 +0200},
	biburl    = {http://dblp.uni-trier.de/rec/bib/conf/isca/1986},
	bibsource = {dblp computer science bibliography, http://dblp.org}
}











@book{Budinsky2003,
	author = {Budinsky, Franck and Steinberg, David and Ellersick, Raymond},
	citeulike-article-id = {2446963},
	keywords = {bibtex-import},
	posted-at = {2008-02-29 08:49:39},
	priority = {0},
	publisher = {Addison-Wesley Professional},
	title = {{Eclipse Modeling Framework: A Developer's Guide}},
	year = {2003}
}

@mastersthesis {ahorvath/msc,
	title = {Automatic Generation Of Platform Specific Model Transformation},
	volume = {MSc},
	year = {2006},
	month = {May},
	pages = {95},
	school = {Budapest University of Technology and Economics},
	type = {Master{\textquoteright}s thesis},
	address = {Budapest},
	author = {{\'A}kos Horv{\'a}th}
}

@mastersthesis {szarnyasg/msc,
	title = {Superscalable Modeling},
	volume = {MSc},
	year = {2013},
	month = {Dec},
	pages = {94},
	school = {Budapest University of Technology and Economics},
	type = {Master{\textquoteright}s thesis},
	address = {Budapest},
	author = {G{\'a}bor Sz{\'a}rnyas}
}

@mastersthesis {osemerath/msc,
	title = {Consistency Analysis of Domain-Specific Languages},
	volume = {MSc},
	year = {2013},
	month = {Dec},
	pages = {86},
	school = {Budapest University of Technology and Economics},
	type = {Master{\textquoteright}s thesis},
	address = {Budapest},
	author = {Oszk{\'a}r Semer{\'a}th}
}

@mastersthesis{bergmanng/msc,
	author = {G\'abor Bergmann},
	title = {Incremental graph pattern matching and applications},
	year = {2008},
	school = {Budapest University of Technology and Economics},
	address = {\url{http://mit.bme.hu/~rath/pub/theses/diploma_bergmann.pdf}}
}


@Misc{JDT,
	author =   {{Eclipse Foundation}},
	title =    {Java {D}evelopment {T}ool},
	note =     {\url{http://www.eclipse.org/jdt/}}
}

@Misc{EMFAPI,
	author =   {{Eclipse Foundation}},
	title =    {{Ecore API}},
	note =     {\url{https://eclipse.org/modeling/emf/}}
}

@Misc{EMFAdapter,
	author =   {Frank Budinsky},
	title =    {Moving into model-driven development},
	note =     {\url{http://collaboration.cmc.ec.gc.ca/science/rpn/biblio/ddj/Website/articles/DDJ/2005/0508/0508c/0508c.html}}
}

@Misc{EMFDynamic,
	author =   {Elena Litani and Ed Merks and Dave Steinberg},
	title =    {{Discover the Eclipse Modeling Framework (EMF) and Its Dynamic Capabilities}},
	note =     {\url{http://www.devx.com/Java/Article/29093/0/page/1}}
}

@phdthesis{bergmann:thesis-queries,
	Address = {Budapest},
	Author = {G{\'a}bor Bergmann},
	School = {Budapest University of Technology and Economics},
	Title = {Incremental Model Queries in Model-Driven Design},
	Volume = {PhD},
	Year = {2013},
}

@Manual{Xtext,
	author = 	 {{The Eclipse Project}},
	title = 	 {{Xtext}},
	note = 	 {\url{http://www.eclipse.org/Xtext/}},
}

@Manual{ecoretools,
	author = {{The Eclipse Project}},
	title = {{EcoreTools}},
	note = {\url{https://www.eclipse.org/ecoretools/}}
}

@Misc{oracle-enterprisemanager,
	author = {{Oracle}},
	title = {{Enterprise Manager}},
	note = {\url{http://www.oracle.com/technetwork/oem/enterprise-manager/overview/index.html}},
	year = {2015}
}

@Misc{AADL,
	author = 	 {{SAE - Radio Technical Commission for Aeronautic}},
	title = 	 {{Architecture Analysis \& Design Language (AADL) v2, AS-5506A, SAE International, 2009}},
}


@article{seifert2008debugging,
	title={Debugging triple graph grammar-based model transformations},
	author={Seifert, Mirko and Katscher, Stefan},
	journal={Fujaba Days},
	pages={19--25},
	year={2008}
}

@article{sosym-dslvalidation,
	year={2015},
	issn={1619-1366},
	journal={Software \& Systems Modeling},
	doi={10.1007/s10270-015-0485-x},
	title={Formal validation of domain-specific languages with derived features and well-formedness constraints},
	url={http://dx.doi.org/10.1007/s10270-015-0485-x},
	publisher={Springer Berlin Heidelberg},
	keywords={Language validation; Derived features; Partial snapshots; Model queries; SMT solvers},
	author={Semeráth, Oszkár and Barta, Ágnes and Horváth, Ákos and Szatmári, Zoltán and Varró, Dániel},
	pages={1-36},
	language={English}
}

@article {trainbenchmark,
	title = {Train Benchmark Technical Report},
	year = {2014},
	author = {Benedek Izs{\'o} and G{\'a}bor Sz{\'a}rnyas and Istv{\'a}n R{\'a}th and D{\'a}niel Varr{\'o}}
}

@Misc{eclipse:ocl,
	author =       {{Eclipse OCL Project}},
	title =        {{MDT-OCL} website},
	year =         {2014},
	note =         {\url{https://projects.eclipse.org/projects/modeling.mdt.ocl}}
}

@Manual{OCL:Spec,
	title =        {{Object Constraint Language Specification (Version 2.3.1)}},
	key =  {OMG},
	organization = {{Object Management Group}},
	month =        {May},
	year =         {2012},
	note =         {\url{http://www.omg.org/spec/OCL/2.3.1/}},
}

@Manual{UML:Spec,
	title = 	 {{UML Version 2.5}},
	key = 	 {OMG},
	organization = 	 {{Object Management Group}},
	OPTorganization = {},
	OPTaddress = 	 {},
	OPTedition = 	 {},
	month = 	 {June},
	year = 	 {2015},
	OPTnote = 	 {},
	note =         {\url{http://www.omg.org/spec/UML/2.5/}},
	OPTannote = 	 {}
}

@Manual{MOF:Spec_2_5,
	title = 	 {{Meta Object Facility Version 2.5}},
	organization = {{Object Management Group}},
	month = 	 {June},
	year = 	 {2015},
	note = 	 {\url{http://www.omg.org/spec/MOF/2.5/}}
}

@Misc{bur,
		author = {M\'arton B\'ur},
		title = {Model-based validation of {M}atlab-{S}imulink systems. {B}achelor's thesis, \\{B}udapest {U}niversity of {T}echnology and {E}conomics, {B}udapest, 2013},
		school = {Budapest University of Technology and Economics},
		year = {2013}
}
